@article{firemodel,
    author =       "Huynh, Trung Dong and R. Jennings, Nicholas and R. Shadbolt, Nigel.",
    title =        "Developing an Integrated Trust and Reputation Model for Open Multi-Agent Systems",
    journal =      "Autonomous Agents and Multi-Agent Systems",
    volume =       "13",
    pages =        "119-154",
    year =         "2006",
    DOI =          "10.1007/s10458-005-6825-4"
}

@article{shortfiremodel,
    author =       "Huynh, Trung Dong and R. Jennings, Nicholas and R. Shadbolt, Nigel.",
    title =        "FIRE: An Integreted Trust and Reputation Model for Open Multi-Agent Systems",
    journal =      "European Conference on Artifical Intelligence",
    year =         "2004"
}

@online{distance,
  title = " \href{https://www.math.ksu.edu/~dbski/writings/haversine.pdf}{Distance between points on earthâ€™s surface}"
}

@online{conversion,
  title = " \href{https://en.wikipedia.org/wiki/Spherical_coordinate_system#Cartesian_coordinates}{Spherical coordinate system}"
}

@online{Dilemme,
  title = " \href{https://www.cs.cmu.edu/afs/cs/academic/class/15381-s07/www/slides/050107reinforcementLearning1.pdf}{Boltzmann's dilemma}"
}

